
@article{zanetto_unconventional_2023,
	title = {Unconventional Monolithic Electronics in a Conventional Silicon Photonics Platform},
	volume = {70},
	doi = {10.1109/TED.2023.3304268},
	pages = {4993--4998},
	number = {10},
	journal = {{IEEE} Transactions on Electron Devices},
	author = {Zanetto, Francesco and Toso, Fabio and Crico, Monica and Morichetti, Francesco and Melloni, Andrea and Ferrari, Giorgio and Sampietro, Marco},
	year = {2023},
}


@article{crico_monolithic_2024,
	title = {Monolithic Transimpedance Amplifier for On-Chip Light Monitoring in Pure Silicon Photonics},
	volume = {36},
	doi = {10.1109/LPT.2024.3417695},
	pages = {965--968},
	number = {15},
	journal = {{IEEE} Photonics Technology Letters},
	author = {Crico, Monica and De Gaetano, Samuele and Martinez, Andres and Morichetti, Francesco and Melloni, Andrea and Ferrari, Giorgio and Sampietro, Marco and Zanetto, Francesco},
	year = {2024},
}


@article{shekhar_roadmapping_2024,
	title = {Roadmapping the next generation of silicon photonics},
	volume = {15},
	doi = {10.1038/s41467-024-44750-0},
	pages = {751},
	number = {1},
	journal = {Nat Commun},
	author = {Shekhar, Sudip and Bogaerts, Wim and Chrostowski, Lukas and Bowers, John E. and Hochberg, Michael and Soref, Richard and Shastri, Bhavin J.},
	year = {2024},
}

@article{zanetto_timemultiplexed_2023,
	title = {Time‚Äê{Multiplexed} {Control} of {Programmable} {Silicon} {Photonic} {Circuits} {Enabled} by {Monolithic} {CMOS} {Electronics}},
	volume = {17},
	author = {Zanetto, Francesco and Toso, Fabio and Grimaldi, Vittorio and Petrini, Matteo and Martinez, Andres and Milanizadeh, Maziyar and Perino, Alessandro and Morichetti, Francesco and Melloni, Andrea and Ferrari, Giorgio and Sampietro, Marco},
	doi = {10.1002/lpor.202300124},
	number = {11},
	journal = {Laser \&amp; Photonics Reviews},
	year = {2023},
	pages = {2300124},
}

@article{ajayi_openroad_2019,
  title={OpenROAD: Toward a Self-Driving, Open-Source Digital Layout Implementation Tool Chain},
  author={Ajayi, T and Blaauw, D and Chan, TB and Cheng, CK and Chhabria, VA and Choo, DK and Coltella, M and Dobre, S and Dreslinski, R and Foga{\c{c}}a, M and others},
  journal={Proc. GOMACTECH},
  pages={1105--1110},
  year={2019}
}



